@misc{lean4,
  title        = {Lean 4 Theorem Prover},
  author       = {de Moura, Leonardo and others},
  year         = {2024},
  howpublished = {\url{https://leanprover.github.io/}},
}

@article{mathlib4,
  title   = {mathlib4: The Lean 4 Mathematics Library},
  author  = {The mathlib Community},
  journal = {Zenodo},
  year    = {2024},
  doi     = {10.5281/zenodo.597616},
}

@book{bridgman1931,
  title     = {Dimensional Analysis},
  author    = {Bridgman, P. W.},
  year      = {1931},
  publisher = {Yale University Press}
}

@article{hirani2003,
  title  = {Discrete Exterior Calculus},
  author = {Hirani, K. S.},
  year   = {2003},
  journal= {PhD thesis, California Institute of Technology}
}


