@misc{lean4,
  title        = {Lean 4 Theorem Prover},
  author       = {de Moura, Leonardo and others},
  year         = {2024},
  howpublished = {\url{https://leanprover.github.io/}},
}

@article{mathlib4,
  title   = {mathlib4: The Lean 4 Mathematics Library},
  author  = {The mathlib Community},
  journal = {Zenodo},
  year    = {2024},
  doi     = {10.5281/zenodo.597616},
}

@book{bridgman1931,
  title     = {Dimensional Analysis},
  author    = {Bridgman, P. W.},
  year      = {1931},
  publisher = {Yale University Press}
}

@article{hirani2003,
  title  = {Discrete Exterior Calculus},
  author = {Hirani, K. S.},
  year   = {2003},
  journal= {PhD thesis, California Institute of Technology}
}


@article{Planck2018,
  title   = {Planck 2018 results. VI. Cosmological parameters},
  author  = {Planck Collaboration},
  journal = {Astron. Astrophys.},
  volume  = {641},
  pages   = {A6},
  year    = {2020}
}

@article{Feynman1948,
  title   = {Space-time approach to non-relativistic quantum mechanics},
  author  = {Feynman, Richard P.},
  journal = {Rev. Mod. Phys.},
  volume  = {20},
  number  = {2},
  pages   = {367--387},
  year    = {1948}
}

@article{PDG2024,
  title   = {Review of Particle Physics},
  author  = {Particle Data Group},
  journal = {Prog. Theor. Exp. Phys.},
  year    = {2024},
  number  = {8},
  pages   = {083C01}
}

@book{Hatcher2002,
  title     = {Algebraic Topology},
  author    = {Hatcher, Allen},
  year      = {2002},
  publisher = {Cambridge University Press}
}

@book{Jackson1999,
  title     = {Classical Electrodynamics},
  author    = {Jackson, J. D.},
  edition   = {3},
  year      = {1999},
  publisher = {Wiley}
}

@book{Landau1976,
  title     = {Mechanics},
  author    = {Landau, L. D. and Lifshitz, E. M.},
  edition   = {3},
  year      = {1976},
  publisher = {Butterworth--Heinemann}
}

@book{Livio2002,
  title     = {The Golden Ratio: The Story of Phi, the World's Most Astonishing Number},
  author    = {Livio, Mario},
  year      = {2002},
  publisher = {Broadway Books}
}

@book{Munkres2000,
  title     = {Topology},
  author    = {Munkres, James R.},
  edition   = {2},
  year      = {2000},
  publisher = {Prentice Hall}
}

@article{Noether1918,
  title   = {Invariante Variationsprobleme},
  author  = {Noether, Emmy},
  journal = {Nachrichten von der Gesellschaft der Wissenschaften zu G{"o}ttingen, Mathematisch-Physikalische Klasse},
  pages   = {235--257},
  year    = {1918}
}

@book{Rolfsen1976,
  title     = {Knots and Links},
  author    = {Rolfsen, Dale},
  series    = {Mathematics Lecture Series},
  volume    = {7},
  year      = {1976},
  publisher = {Publish or Perish}
}

@article{Shannon1948,
  title   = {A mathematical theory of communication},
  author  = {Shannon, Claude E.},
  journal = {Bell System Technical Journal},
  volume  = {27},
  pages   = {379--423, 623--656},
  year    = {1948}
}

@misc{Susskind2003,
  title         = {The anthropic landscape of string theory},
  author        = {Susskind, Leonard},
  howpublished  = {arXiv preprint},
  year          = {2003},
  eprint        = {hep-th/0302219},
  archivePrefix = {arXiv}
}

@misc{realityRepo,
  title        = {Recognition Reality Monolith (Lean proofs, audit, and artifacts)},
  author       = {Washburn, Jonathan},
  year         = {2025},
  howpublished = {\url{https://github.com/jonwashburn/reality}},
  note         = {Commit 06abeb5, MIT license, CI audit}
}

@article{Weinberg1987,
  title   = {Anthropic bound on the cosmological constant},
  author  = {Weinberg, Steven},
  journal = {Phys. Rev. Lett.},
  volume  = {59},
  pages   = {2607--2610},
  year    = {1987}
}

@article{Zyla2022,
  title   = {Review of Particle Physics},
  author  = {Zyla, P. A. and others},
  journal = {Prog. Theor. Exp. Phys.},
  number  = {8},
  pages   = {083C01},
  year    = {2020},
  note    = {and 2022 update; PDG}
}


